<record><leader>00000cas a22000007a 4500</leader><controlfield tag="001">17200368</controlfield><controlfield tag="008">871208d19411947paudr ne      0    0eng d</controlfield><datafield ind1=" " ind2=" " tag="010"><subfield code="a">sn 87078582 </subfield></datafield><datafield ind1=" " ind2=" " tag="040"><subfield code="a">NPH</subfield><subfield code="b">eng</subfield><subfield code="c">NPH</subfield><subfield code="d">OCLCQ</subfield></datafield><datafield ind1=" " ind2=" " tag="042"><subfield code="a">msc</subfield></datafield><datafield ind1="0" ind2="0" tag="245"><subfield code="a">Donora herald-American.</subfield></datafield><datafield ind1="3" ind2="0" tag="246"><subfield code="a">Herald-American</subfield></datafield><datafield ind1=" " ind2=" " tag="260"><subfield code="a">Donora, Pa. :</subfield><subfield code="b">American-Herald, Inc.,</subfield><subfield code="c">1941-1947.</subfield></datafield><datafield ind1=" " ind2=" " tag="300"><subfield code="a">8 v. :</subfield><subfield code="b">ill. ;</subfield><subfield code="c">55 cm.</subfield></datafield><datafield ind1=" " ind2=" " tag="310"><subfield code="a">Daily</subfield></datafield><datafield ind1="0" ind2=" " tag="362"><subfield code="a">Vol. 40, no. 226 (Sept. 23, 1941)-v. 48, no. 121 (June 20, 1947).</subfield></datafield><datafield ind1=" " ind2=" " tag="752"><subfield code="a">United States</subfield><subfield code="b">Pennsylvania</subfield><subfield code="c">Washington</subfield><subfield code="d">Donora.</subfield></datafield><datafield ind1="0" ind2="0" tag="780"><subfield code="t">Herald-American (Donora, Pa. : 1927)</subfield><subfield code="w">(DLC)sn 87078581</subfield></datafield><datafield ind1="0" ind2="0" tag="785"><subfield code="t">Herald-American (Donora, Pa. : 1947)</subfield><subfield code="w">(DLC)sn 87078583</subfield></datafield></record>